[gd_scene load_steps=75 format=3 uid="uid://bsil2y4nxtx4l"]

[ext_resource type="Script" path="res://Assets/Effects/Weapons/MuzzleFlash.gd" id="1_l1tg2"]
[ext_resource type="Texture2D" uid="uid://pnh872qjk0oy" path="res://Assets/Effects/Flame.png" id="2_6nh1j"]

[sub_resource type="Animation" id="Animation_8yhag"]
length = 0.001
loop_mode = 2
tracks/0/type = "value"
tracks/0/imported = false
tracks/0/enabled = true
tracks/0/path = NodePath("Flash:shader_uniforms/Energy")
tracks/0/interp = 1
tracks/0/loop_wrap = true
tracks/0/keys = {
"times": PackedFloat32Array(0),
"transitions": PackedFloat32Array(1),
"update": 0,
"values": [Color(0, 0, 0, 1)]
}
tracks/1/type = "value"
tracks/1/imported = false
tracks/1/enabled = true
tracks/1/path = NodePath("Flash:position")
tracks/1/interp = 1
tracks/1/loop_wrap = true
tracks/1/keys = {
"times": PackedFloat32Array(0),
"transitions": PackedFloat32Array(1),
"update": 0,
"values": [Vector3(0, 0, 0)]
}
tracks/2/type = "value"
tracks/2/imported = false
tracks/2/enabled = false
tracks/2/path = NodePath("Flash/Light:light_color")
tracks/2/interp = 1
tracks/2/loop_wrap = true
tracks/2/keys = {
"times": PackedFloat32Array(0),
"transitions": PackedFloat32Array(1),
"update": 0,
"values": [Color(0, 0, 0, 1)]
}
tracks/3/type = "value"
tracks/3/imported = false
tracks/3/enabled = true
tracks/3/path = NodePath("Flash:visible")
tracks/3/interp = 1
tracks/3/loop_wrap = true
tracks/3/keys = {
"times": PackedFloat32Array(0),
"transitions": PackedFloat32Array(1),
"update": 1,
"values": [false]
}
tracks/4/type = "value"
tracks/4/imported = false
tracks/4/enabled = true
tracks/4/path = NodePath("Flash/Light:visible")
tracks/4/interp = 1
tracks/4/loop_wrap = true
tracks/4/keys = {
"times": PackedFloat32Array(0),
"transitions": PackedFloat32Array(1),
"update": 1,
"values": [false]
}
tracks/5/type = "value"
tracks/5/imported = false
tracks/5/enabled = true
tracks/5/path = NodePath("Flash/Light:light_size")
tracks/5/interp = 1
tracks/5/loop_wrap = true
tracks/5/keys = {
"times": PackedFloat32Array(0),
"transitions": PackedFloat32Array(1),
"update": 0,
"values": [0.1]
}
tracks/6/type = "value"
tracks/6/imported = false
tracks/6/enabled = true
tracks/6/path = NodePath("Flash/Light:light_energy")
tracks/6/interp = 1
tracks/6/loop_wrap = true
tracks/6/keys = {
"times": PackedFloat32Array(0),
"transitions": PackedFloat32Array(1),
"update": 0,
"values": [2.0]
}

[sub_resource type="Animation" id="Animation_qvkyt"]
resource_name = "Shoot"
length = 0.2
step = 0.025
tracks/0/type = "value"
tracks/0/imported = false
tracks/0/enabled = true
tracks/0/path = NodePath("Flash:shader_uniforms/Energy")
tracks/0/interp = 1
tracks/0/loop_wrap = false
tracks/0/keys = {
"times": PackedFloat32Array(0, 0.05, 0.2),
"transitions": PackedFloat32Array(1, 0.392292, 1),
"update": 0,
"values": [Color(3, 3, 3, 1), Color(2, 2, 2, 1), Color(0, 0, 0, 1)]
}
tracks/1/type = "value"
tracks/1/imported = false
tracks/1/enabled = true
tracks/1/path = NodePath("Flash:position")
tracks/1/interp = 1
tracks/1/loop_wrap = false
tracks/1/keys = {
"times": PackedFloat32Array(0, 0.2),
"transitions": PackedFloat32Array(0.554784, 1),
"update": 0,
"values": [Vector3(0, 0, 0), Vector3(-0.5, 0, 0)]
}
tracks/2/type = "value"
tracks/2/imported = false
tracks/2/enabled = false
tracks/2/path = NodePath("Flash/Light:light_color")
tracks/2/interp = 1
tracks/2/loop_wrap = true
tracks/2/keys = {
"times": PackedFloat32Array(0, 0.025, 0.175),
"transitions": PackedFloat32Array(1, 1, 1),
"update": 0,
"values": [Color(1, 0.976471, 0.803922, 1), Color(0.623529, 0.521569, 0.294118, 1), Color(0, 0, 0, 1)]
}
tracks/3/type = "value"
tracks/3/imported = false
tracks/3/enabled = true
tracks/3/path = NodePath("Flash:visible")
tracks/3/interp = 1
tracks/3/loop_wrap = true
tracks/3/keys = {
"times": PackedFloat32Array(0, 0.2),
"transitions": PackedFloat32Array(1, 1),
"update": 1,
"values": [true, false]
}
tracks/4/type = "value"
tracks/4/imported = false
tracks/4/enabled = true
tracks/4/path = NodePath("Flash/Light:visible")
tracks/4/interp = 1
tracks/4/loop_wrap = true
tracks/4/keys = {
"times": PackedFloat32Array(0, 0.175),
"transitions": PackedFloat32Array(1, 1),
"update": 1,
"values": [true, false]
}
tracks/5/type = "value"
tracks/5/imported = false
tracks/5/enabled = true
tracks/5/path = NodePath("Flash/Light:light_size")
tracks/5/interp = 1
tracks/5/loop_wrap = true
tracks/5/keys = {
"times": PackedFloat32Array(0, 0.175),
"transitions": PackedFloat32Array(1, 1),
"update": 0,
"values": [0.1, 0.05]
}
tracks/6/type = "value"
tracks/6/imported = false
tracks/6/enabled = true
tracks/6/path = NodePath("Flash/Light:light_energy")
tracks/6/interp = 2
tracks/6/loop_wrap = true
tracks/6/keys = {
"times": PackedFloat32Array(0, 0.175),
"transitions": PackedFloat32Array(0.183011, 1),
"update": 0,
"values": [2.0, 0.025]
}

[sub_resource type="AnimationLibrary" id="AnimationLibrary_3sejl"]
_data = {
"RESET": SubResource("Animation_8yhag"),
"Shoot": SubResource("Animation_qvkyt")
}

[sub_resource type="VisualShaderNodeInput" id="VisualShaderNodeInput_fc5t2"]
input_name = "uv"

[sub_resource type="VisualShaderNodeUVFunc" id="VisualShaderNodeUVFunc_uqbth"]
default_input_values = [1, Vector2(1, 1), 2, Vector2(0.5, 0.5)]

[sub_resource type="VisualShaderNodeFloatOp" id="VisualShaderNodeFloatOp_ou5ws"]
output_port_for_preview = 0
default_input_values = [0, 0.0, 1, 0.5]
operator = 2

[sub_resource type="Gradient" id="Gradient_io0qo"]
interpolation_mode = 2
colors = PackedColorArray(2, 2, 2, 1, 0, 0, 0, 1)

[sub_resource type="GradientTexture2D" id="GradientTexture2D_bpbvv"]
gradient = SubResource("Gradient_io0qo")
use_hdr = true
fill = 1
fill_from = Vector2(0.5, 0.5)
fill_to = Vector2(0.5, 0)

[sub_resource type="VisualShaderNodeTexture" id="VisualShaderNodeTexture_rnik8"]
texture = SubResource("GradientTexture2D_bpbvv")
texture_type = 1

[sub_resource type="VisualShaderNodeInput" id="VisualShaderNodeInput_vhx6l"]
input_name = "time"

[sub_resource type="VisualShaderNodeFloatOp" id="VisualShaderNodeFloatOp_ye83j"]
default_input_values = [0, 0.0, 1, 0.2]
operator = 2

[sub_resource type="VisualShaderNodeFloatFunc" id="VisualShaderNodeFloatFunc_b1tna"]
function = 0

[sub_resource type="VisualShaderNodeFloatOp" id="VisualShaderNodeFloatOp_vvumq"]
default_input_values = [0, 0.0, 1, 0.024]
operator = 2

[sub_resource type="VisualShaderNodeFloatFunc" id="VisualShaderNodeFloatFunc_ta3wd"]
function = 0

[sub_resource type="VisualShaderNodeFloatFunc" id="VisualShaderNodeFloatFunc_dws71"]
function = 12

[sub_resource type="VisualShaderNodeFloatFunc" id="VisualShaderNodeFloatFunc_inxaw"]
function = 12

[sub_resource type="Gradient" id="Gradient_6rqh3"]
interpolation_mode = 2
offsets = PackedFloat32Array(0, 0.107981, 0.176056, 0.401408, 0.678404, 1)
colors = PackedColorArray(4, 4, 4, 1, 0.886598, 0.886598, 0.886598, 1, 0.280725, 0.280725, 0.280725, 1, 0.0255932, 0.0255932, 0.0255932, 1, 0.00712594, 0.00712594, 0.00712594, 1, 0, 0, 0, 1)

[sub_resource type="GradientTexture2D" id="GradientTexture2D_w2q64"]
gradient = SubResource("Gradient_6rqh3")
width = 128
height = 128
use_hdr = true
fill = 1
fill_from = Vector2(0.5, 0.5)
fill_to = Vector2(0.5, 0)

[sub_resource type="VisualShaderNodeTexture" id="VisualShaderNodeTexture_pgsgo"]
texture = SubResource("GradientTexture2D_w2q64")
texture_type = 1

[sub_resource type="VisualShaderNodeFloatOp" id="VisualShaderNodeFloatOp_1q0h1"]
default_input_values = [0, 0.0, 1, 3.0]
operator = 2

[sub_resource type="VisualShaderNodeFloatOp" id="VisualShaderNodeFloatOp_wcide"]
default_input_values = [0, 0.0, 1, 0.5]
operator = 2

[sub_resource type="VisualShaderNodeVectorCompose" id="VisualShaderNodeVectorCompose_7om0a"]
op_type = 0

[sub_resource type="VisualShaderNodeFloatOp" id="VisualShaderNodeFloatOp_vekr5"]
default_input_values = [0, 0.0, 1, 2.0]
operator = 2

[sub_resource type="VisualShaderNodeFloatOp" id="VisualShaderNodeFloatOp_t2ml5"]
default_input_values = [0, 0.0, 1, 0.5]
operator = 2

[sub_resource type="VisualShaderNodeFloatOp" id="VisualShaderNodeFloatOp_s8cu3"]
default_input_values = [0, 0.0, 1, 1.0]
operator = 4

[sub_resource type="VisualShaderNodeFloatOp" id="VisualShaderNodeFloatOp_fl8ld"]
default_input_values = [0, 0.0, 1, 1.0]
operator = 4

[sub_resource type="VisualShaderNodeFloatFunc" id="VisualShaderNodeFloatFunc_mukav"]
function = 15

[sub_resource type="VisualShaderNodeColorParameter" id="VisualShaderNodeColorParameter_svs2n"]
parameter_name = "Color"
qualifier = 2
default_value_enabled = true

[sub_resource type="VisualShaderNodeFloatFunc" id="VisualShaderNodeFloatFunc_ig6io"]
function = 15

[sub_resource type="VisualShaderNodeFloatOp" id="VisualShaderNodeFloatOp_84wqv"]
default_input_values = [0, 0.0, 1, 0.09]
operator = 2

[sub_resource type="VisualShaderNodeFloatFunc" id="VisualShaderNodeFloatFunc_jo6gr"]
function = 0

[sub_resource type="VisualShaderNodeFloatOp" id="VisualShaderNodeFloatOp_px84d"]
default_input_values = [0, 0.0, 1, 0.03]
operator = 2

[sub_resource type="VisualShaderNodeFloatOp" id="VisualShaderNodeFloatOp_viijn"]
default_input_values = [0, 0.0, 1, 2.33]

[sub_resource type="VisualShaderNodeFloatOp" id="VisualShaderNodeFloatOp_kxrkf"]
default_input_values = [0, 0.0, 1, 0.888]

[sub_resource type="VisualShaderNodeFloatOp" id="VisualShaderNodeFloatOp_3wfwi"]
operator = 2

[sub_resource type="VisualShaderNodeFloatOp" id="VisualShaderNodeFloatOp_p04sm"]

[sub_resource type="VisualShaderNodeFloatOp" id="VisualShaderNodeFloatOp_4kwjt"]

[sub_resource type="VisualShaderNodeExpression" id="VisualShaderNodeExpression_tgmxj"]
size = Vector2(684.083, 474.694)
expression = "out.x =	cos(rotation) * (uv.x - mid.x) + sin(rotation) * (uv.y - mid.x) + mid.y;
out.y = cos(rotation) * (uv.y - mid.x) - sin(rotation) * (uv.x - mid.y) + mid.x;"

[sub_resource type="VisualShaderNodeVectorOp" id="VisualShaderNodeVectorOp_tf0x2"]
operator = 2

[sub_resource type="VisualShaderNodeFloatConstant" id="VisualShaderNodeFloatConstant_d6rlo"]
constant = 1.0

[sub_resource type="VisualShaderNodeVec2Constant" id="VisualShaderNodeVec2Constant_gtsix"]
constant = Vector2(0.5, 0.5)

[sub_resource type="VisualShaderNodeFloatOp" id="VisualShaderNodeFloatOp_bw2qi"]
operator = 2

[sub_resource type="VisualShaderNodeFloatOp" id="VisualShaderNodeFloatOp_itikg"]
default_input_values = [0, 0.0, 1, 4.0]
operator = 2

[sub_resource type="VisualShaderNodeTexture" id="VisualShaderNodeTexture_frec4"]
texture = ExtResource("2_6nh1j")

[sub_resource type="VisualShaderNodeExpression" id="VisualShaderNodeExpression_caa3b"]
size = Vector2(684.083, 474.694)
expression = "out.x =	cos(rotation) * (uv.x - mid.x) + sin(rotation) * (uv.y - mid.x) + mid.y;
out.y = cos(rotation) * (uv.y - mid.x) - sin(rotation) * (uv.x - mid.y) + mid.x;"

[sub_resource type="VisualShaderNodeFloatOp" id="VisualShaderNodeFloatOp_8da53"]
default_input_values = [0, 0.0, 1, -4.0]
operator = 2

[sub_resource type="VisualShaderNodeUVFunc" id="VisualShaderNodeUVFunc_lrkls"]
default_input_values = [1, Vector2(0.5, 0.5), 2, Vector2(0, 0)]
function = 1

[sub_resource type="VisualShaderNodeUVFunc" id="VisualShaderNodeUVFunc_q6k0i"]
default_input_values = [1, Vector2(1, 1), 2, Vector2(0.5, 0.5)]

[sub_resource type="VisualShaderNodeVectorCompose" id="VisualShaderNodeVectorCompose_ib7oa"]
op_type = 0

[sub_resource type="VisualShaderNodeFloatParameter" id="VisualShaderNodeFloatParameter_0yql5"]
parameter_name = "Energy"
qualifier = 2
hint = 1
max = 10.0
default_value_enabled = true
default_value = 3.0

[sub_resource type="VisualShaderNodeVectorFunc" id="VisualShaderNodeVectorFunc_p7s6m"]
default_input_values = [0, Vector2(0, 0)]
op_type = 0
function = 32

[sub_resource type="VisualShaderNodeFloatOp" id="VisualShaderNodeFloatOp_wllwm"]
default_input_values = [0, 0.0, 1, 1.5]
operator = 2

[sub_resource type="VisualShaderNodeFloatFunc" id="VisualShaderNodeFloatFunc_eb4mc"]
function = 0

[sub_resource type="VisualShaderNodeFloatOp" id="VisualShaderNodeFloatOp_qs2x6"]
default_input_values = [0, 0.0, 1, 7.0]
operator = 2

[sub_resource type="VisualShaderNodeFloatFunc" id="VisualShaderNodeFloatFunc_3bosc"]
function = 12

[sub_resource type="VisualShaderNodeFloatOp" id="VisualShaderNodeFloatOp_uu6rb"]
default_input_values = [0, 0.0, 1, 2.0]
operator = 5

[sub_resource type="VisualShaderNodeFloatOp" id="VisualShaderNodeFloatOp_7x71o"]
default_input_values = [0, 0.0, 1, 2.0]
operator = 5

[sub_resource type="VisualShaderNodeFloatOp" id="VisualShaderNodeFloatOp_lw3te"]
default_input_values = [0, 0.0, 1, 2.0]
operator = 3

[sub_resource type="VisualShaderNodeFloatOp" id="VisualShaderNodeFloatOp_05ety"]

[sub_resource type="VisualShaderNodeFloatParameter" id="VisualShaderNodeFloatParameter_aqemw"]
parameter_name = "FlameSineModulation"
qualifier = 2
hint = 1
default_value_enabled = true
default_value = 1.0

[sub_resource type="VisualShaderNodeVectorOp" id="VisualShaderNodeVectorOp_htirt"]
operator = 2

[sub_resource type="VisualShaderNodeRemap" id="VisualShaderNodeRemap_4jtmm"]
default_input_values = [1, 0.0, 2, 1.0, 3, 0.3, 4, 1.75]

[sub_resource type="VisualShaderNodeFloatConstant" id="VisualShaderNodeFloatConstant_m55l0"]

[sub_resource type="VisualShaderNodeFloatConstant" id="VisualShaderNodeFloatConstant_d2snw"]
constant = 1.0

[sub_resource type="VisualShaderNodeTexture" id="VisualShaderNodeTexture_303w0"]
texture = ExtResource("2_6nh1j")

[sub_resource type="VisualShaderNodeUVFunc" id="VisualShaderNodeUVFunc_aydj7"]
default_input_values = [1, Vector2(0.5, 0.5), 2, Vector2(0, 0)]
function = 1

[sub_resource type="VisualShaderNodeBillboard" id="VisualShaderNodeBillboard_7if2f"]
keep_scale = true

[sub_resource type="VisualShader" id="VisualShader_2illo"]
code = "shader_type spatial;
render_mode blend_add, depth_draw_opaque, cull_back, diffuse_lambert, specular_disabled, shadows_disabled, ambient_light_disabled, vertex_lighting;

uniform sampler2D tex_frg_54;
uniform sampler2D tex_frg_8;
instance uniform float FlameSineModulation : hint_range(0, 1) = 1;
instance uniform float Energy : hint_range(0, 10) = 3;
uniform sampler2D tex_frg_17 : source_color;
uniform sampler2D tex_frg_3 : source_color;
instance uniform vec4 Color : source_color = vec4(1.000000, 1.000000, 1.000000, 1.000000);



void vertex() {
	mat4 n_out2p0;
// GetBillboardMatrix:2
	{
		mat4 __mvm = VIEW_MATRIX * mat4(INV_VIEW_MATRIX[0], INV_VIEW_MATRIX[1], INV_VIEW_MATRIX[2], MODEL_MATRIX[3]);
		__mvm = __mvm * mat4(vec4(length(MODEL_MATRIX[0].xyz), 0.0, 0.0, 0.0), vec4(0.0, length(MODEL_MATRIX[1].xyz), 0.0, 0.0), vec4(0.0, 0.0, length(MODEL_MATRIX[2].xyz), 0.0), vec4(0.0, 0.0, 0.0, 1.0));
		n_out2p0 = __mvm;
	}


// Output:0
	MODELVIEW_MATRIX = n_out2p0;


}

void fragment() {
// FloatConstant:71
	float n_out71p0 = 0.000000;


// FloatConstant:72
	float n_out72p0 = 1.000000;


// Input:10
	vec2 n_out10p0 = UV;


// Input:19
	float n_out19p0 = TIME;


// FloatOp:56
	float n_in56p1 = -4.00000;
	float n_out56p0 = n_out19p0 * n_in56p1;


// Vector2Constant:51
	vec2 n_out51p0 = vec2(0.500000, 0.500000);


	vec2 n_out55p0;
// Expression:55
	n_out55p0 = vec2(0.0, 0.0);
	{
		n_out55p0.x =	cos(n_out56p0) * (n_out10p0.x - n_out51p0.x) + sin(n_out56p0) * (n_out10p0.y - n_out51p0.x) + n_out51p0.y;
		n_out55p0.y = cos(n_out56p0) * (n_out10p0.y - n_out51p0.x) - sin(n_out56p0) * (n_out10p0.x - n_out51p0.y) + n_out51p0.x;
	}


// UVFunc:57
	vec2 n_in57p1 = vec2(0.50000, 0.50000);
	vec2 n_in57p2 = vec2(0.00000, 0.00000);
	vec2 n_out57p0 = (n_out55p0 - n_in57p2) * n_in57p1 + n_in57p2;


// FloatOp:21
	float n_in21p1 = 0.20000;
	float n_out21p0 = n_out19p0 * n_in21p1;


// FloatFunc:24
	float n_out24p0 = sin(n_out21p0);


// FloatOp:41
	float n_in41p1 = 0.09000;
	float n_out41p0 = n_out19p0 * n_in41p1;


// FloatOp:44
	float n_in44p1 = 2.33000;
	float n_out44p0 = n_out41p0 + n_in44p1;


// FloatOp:43
	float n_in43p1 = 0.03000;
	float n_out43p0 = n_out19p0 * n_in43p1;


// FloatOp:46
	float n_out46p0 = n_out44p0 * n_out43p0;


// FloatFunc:42
	float n_out42p0 = sin(n_out46p0);


// FloatOp:47
	float n_out47p0 = n_out24p0 + n_out42p0;


// FloatFunc:26
	float n_out26p0 = abs(n_out47p0);


// FloatOp:38
	float n_in38p1 = 1.00000;
	float n_out38p0 = mod(n_out26p0, n_in38p1);


// FloatOp:31
	float n_in31p1 = 3.00000;
	float n_out31p0 = n_out38p0 * n_in31p1;


// FloatFunc:40
	float n_out40p0 = round(n_out31p0);


// FloatOp:32
	float n_in32p1 = 0.50000;
	float n_out32p0 = n_out40p0 * n_in32p1;


// FloatOp:23
	float n_in23p1 = 0.02400;
	float n_out23p0 = n_out19p0 * n_in23p1;


// FloatOp:45
	float n_in45p1 = 0.88800;
	float n_out45p0 = n_out23p0 + n_in45p1;


// FloatFunc:22
	float n_out22p0 = sin(n_out45p0);


// FloatOp:48
	float n_out48p0 = n_out42p0 + n_out22p0;


// FloatFunc:29
	float n_out29p0 = abs(n_out48p0);


// FloatOp:37
	float n_in37p1 = 1.00000;
	float n_out37p0 = mod(n_out29p0, n_in37p1);


// FloatOp:34
	float n_in34p1 = 2.00000;
	float n_out34p0 = n_out37p0 * n_in34p1;


// FloatFunc:39
	float n_out39p0 = round(n_out34p0);


// FloatOp:36
	float n_in36p1 = 0.50000;
	float n_out36p0 = n_out39p0 * n_in36p1;


// VectorCompose:59
	vec2 n_out59p0 = vec2(n_out32p0, n_out36p0);


// VectorFunc:60
	vec2 n_out60p0 = vec2(1.0) - n_out59p0;


// UVFunc:58
	vec2 n_in58p1 = vec2(1.00000, 1.00000);
	vec2 n_out58p0 = n_out60p0 * n_in58p1 + n_out57p0;


// Texture2D:54
	vec4 n_out54p0 = texture(tex_frg_54, n_out58p0);


// FloatOp:53
	float n_in53p1 = 4.00000;
	float n_out53p0 = n_out19p0 * n_in53p1;


	vec2 n_out49p0;
// Expression:49
	n_out49p0 = vec2(0.0, 0.0);
	{
		n_out49p0.x =	cos(n_out53p0) * (n_out10p0.x - n_out51p0.x) + sin(n_out53p0) * (n_out10p0.y - n_out51p0.x) + n_out51p0.y;
		n_out49p0.y = cos(n_out53p0) * (n_out10p0.y - n_out51p0.x) - sin(n_out53p0) * (n_out10p0.x - n_out51p0.y) + n_out51p0.x;
	}


// UVFunc:9
	vec2 n_in9p1 = vec2(0.50000, 0.50000);
	vec2 n_in9p2 = vec2(0.00000, 0.00000);
	vec2 n_out9p0 = (n_out49p0 - n_in9p2) * n_in9p1 + n_in9p2;


// VectorCompose:33
	vec2 n_out33p0 = vec2(n_out32p0, n_out36p0);


// UVFunc:12
	vec2 n_in12p1 = vec2(1.00000, 1.00000);
	vec2 n_out12p0 = n_out33p0 * n_in12p1 + n_out9p0;


// Texture2D:8
	vec4 n_out8p0 = texture(tex_frg_8, n_out12p0);


// FloatOp:16
	float n_out16p0 = n_out54p0.x * n_out8p0.x;


// FloatOp:65
	float n_in65p1 = 2.00000;
	float n_out65p0 = pow(n_out16p0, n_in65p1);


// FloatParameter:69
	float n_out69p0 = FlameSineModulation;


	float n_out70p0;
// Remap:70
	float n_in70p1 = 0.00000;
	float n_in70p2 = 1.00000;
	float n_in70p3 = 0.30000;
	float n_in70p4 = 1.75000;
	{
		float __input_range = n_in70p2 - n_in70p1;
		float __output_range = n_in70p4 - n_in70p3;
		n_out70p0 = n_in70p3 + __output_range * ((n_out69p0 - n_in70p1) / __input_range);
	}


// FloatOp:61
	float n_out61p0 = n_out65p0 * n_out70p0;


// FloatParameter:6
	float n_out6p0 = Energy;


// FloatOp:63
	float n_out63p0 = n_out61p0 * n_out6p0;


// FloatFunc:62
	float n_out62p0 = sin(n_out63p0);


// FloatFunc:64
	float n_out64p0 = abs(n_out62p0);


// FloatOp:67
	float n_in67p1 = 2.00000;
	float n_out67p0 = n_out64p0 / n_in67p1;


// FloatOp:66
	float n_in66p1 = 2.00000;
	float n_out66p0 = pow(n_out67p0, n_in66p1);


// Texture2D:17
	vec4 n_out17p0 = texture(tex_frg_17, UV);


// FloatOp:52
	float n_out52p0 = n_out66p0 * n_out17p0.x;


// Texture2D:3
	vec4 n_out3p0 = texture(tex_frg_3, UV);


// FloatOp:68
	float n_out68p0 = n_out52p0 + n_out3p0.x;


// ColorParameter:4
	vec4 n_out4p0 = Color;


// VectorOp:5
	vec3 n_out5p0 = vec3(n_out68p0) * vec3(n_out4p0.xyz);


// VectorOp:7
	vec3 n_out7p0 = n_out5p0 * vec3(n_out6p0);


// Output:0
	ALBEDO = vec3(n_out71p0);
	METALLIC = n_out72p0;
	ROUGHNESS = n_out72p0;
	SPECULAR = n_out71p0;
	EMISSION = n_out7p0;


}
"
graph_offset = Vector2(334.395, -176.325)
modes/blend = 1
modes/specular = 2
flags/shadows_disabled = true
flags/ambient_light_disabled = true
flags/vertex_lighting = true
nodes/vertex/2/node = SubResource("VisualShaderNodeBillboard_7if2f")
nodes/vertex/2/position = Vector2(-280, 360)
nodes/vertex/connections = PackedInt32Array(2, 0, 0, 10)
nodes/fragment/0/position = Vector2(2140, 100)
nodes/fragment/3/node = SubResource("VisualShaderNodeTexture_pgsgo")
nodes/fragment/3/position = Vector2(-1200, -60)
nodes/fragment/4/node = SubResource("VisualShaderNodeColorParameter_svs2n")
nodes/fragment/4/position = Vector2(-960, 220)
nodes/fragment/5/node = SubResource("VisualShaderNodeVectorOp_tf0x2")
nodes/fragment/5/position = Vector2(1440, 360)
nodes/fragment/6/node = SubResource("VisualShaderNodeFloatParameter_0yql5")
nodes/fragment/6/position = Vector2(-680, 460)
nodes/fragment/7/node = SubResource("VisualShaderNodeVectorOp_htirt")
nodes/fragment/7/position = Vector2(1520, 360)
nodes/fragment/8/node = SubResource("VisualShaderNodeTexture_303w0")
nodes/fragment/8/position = Vector2(-620, -500)
nodes/fragment/9/node = SubResource("VisualShaderNodeUVFunc_aydj7")
nodes/fragment/9/position = Vector2(-1180, -720)
nodes/fragment/10/node = SubResource("VisualShaderNodeInput_fc5t2")
nodes/fragment/10/position = Vector2(-2860, -1060)
nodes/fragment/12/node = SubResource("VisualShaderNodeUVFunc_uqbth")
nodes/fragment/12/position = Vector2(-900, -520)
nodes/fragment/16/node = SubResource("VisualShaderNodeFloatOp_ou5ws")
nodes/fragment/16/position = Vector2(-420, -600)
nodes/fragment/17/node = SubResource("VisualShaderNodeTexture_rnik8")
nodes/fragment/17/position = Vector2(-900, -220)
nodes/fragment/19/node = SubResource("VisualShaderNodeInput_vhx6l")
nodes/fragment/19/position = Vector2(-3800, -420)
nodes/fragment/21/node = SubResource("VisualShaderNodeFloatOp_ye83j")
nodes/fragment/21/position = Vector2(-3300, -480)
nodes/fragment/22/node = SubResource("VisualShaderNodeFloatFunc_b1tna")
nodes/fragment/22/position = Vector2(-3100, 20)
nodes/fragment/23/node = SubResource("VisualShaderNodeFloatOp_vvumq")
nodes/fragment/23/position = Vector2(-3340, -40)
nodes/fragment/24/node = SubResource("VisualShaderNodeFloatFunc_ta3wd")
nodes/fragment/24/position = Vector2(-3120, -440)
nodes/fragment/26/node = SubResource("VisualShaderNodeFloatFunc_dws71")
nodes/fragment/26/position = Vector2(-2800, -520)
nodes/fragment/29/node = SubResource("VisualShaderNodeFloatFunc_inxaw")
nodes/fragment/29/position = Vector2(-2780, 40)
nodes/fragment/31/node = SubResource("VisualShaderNodeFloatOp_1q0h1")
nodes/fragment/31/position = Vector2(-2320, -460)
nodes/fragment/32/node = SubResource("VisualShaderNodeFloatOp_wcide")
nodes/fragment/32/position = Vector2(-1920, -440)
nodes/fragment/33/node = SubResource("VisualShaderNodeVectorCompose_7om0a")
nodes/fragment/33/position = Vector2(-1460, -160)
nodes/fragment/34/node = SubResource("VisualShaderNodeFloatOp_vekr5")
nodes/fragment/34/position = Vector2(-2320, -140)
nodes/fragment/36/node = SubResource("VisualShaderNodeFloatOp_t2ml5")
nodes/fragment/36/position = Vector2(-1820, -140)
nodes/fragment/37/node = SubResource("VisualShaderNodeFloatOp_s8cu3")
nodes/fragment/37/position = Vector2(-2580, -40)
nodes/fragment/38/node = SubResource("VisualShaderNodeFloatOp_fl8ld")
nodes/fragment/38/position = Vector2(-2600, -480)
nodes/fragment/39/node = SubResource("VisualShaderNodeFloatFunc_mukav")
nodes/fragment/39/position = Vector2(-2100, -100)
nodes/fragment/40/node = SubResource("VisualShaderNodeFloatFunc_ig6io")
nodes/fragment/40/position = Vector2(-2100, -420)
nodes/fragment/41/node = SubResource("VisualShaderNodeFloatOp_84wqv")
nodes/fragment/41/position = Vector2(-3280, -340)
nodes/fragment/42/node = SubResource("VisualShaderNodeFloatFunc_jo6gr")
nodes/fragment/42/position = Vector2(-2900, -260)
nodes/fragment/43/node = SubResource("VisualShaderNodeFloatOp_px84d")
nodes/fragment/43/position = Vector2(-3280, -160)
nodes/fragment/44/node = SubResource("VisualShaderNodeFloatOp_viijn")
nodes/fragment/44/position = Vector2(-3080, -340)
nodes/fragment/45/node = SubResource("VisualShaderNodeFloatOp_kxrkf")
nodes/fragment/45/position = Vector2(-3180, 120)
nodes/fragment/46/node = SubResource("VisualShaderNodeFloatOp_3wfwi")
nodes/fragment/46/position = Vector2(-2980, -180)
nodes/fragment/47/node = SubResource("VisualShaderNodeFloatOp_p04sm")
nodes/fragment/47/position = Vector2(-2740, -360)
nodes/fragment/48/node = SubResource("VisualShaderNodeFloatOp_4kwjt")
nodes/fragment/48/position = Vector2(-2680, -160)
nodes/fragment/49/node = SubResource("VisualShaderNodeExpression_tgmxj")
nodes/fragment/49/position = Vector2(-1980, -980)
nodes/fragment/49/size = Vector2(684.083, 474.694)
nodes/fragment/49/input_ports = "0,3,uv;1,0,rotation;2,3,mid;"
nodes/fragment/49/output_ports = "0,3,out;"
nodes/fragment/49/expression = "out.x =	cos(rotation) * (uv.x - mid.x) + sin(rotation) * (uv.y - mid.x) + mid.y;
out.y = cos(rotation) * (uv.y - mid.x) - sin(rotation) * (uv.x - mid.y) + mid.x;"
nodes/fragment/50/node = SubResource("VisualShaderNodeFloatConstant_d6rlo")
nodes/fragment/50/position = Vector2(-2260, -740)
nodes/fragment/51/node = SubResource("VisualShaderNodeVec2Constant_gtsix")
nodes/fragment/51/position = Vector2(-2240, -620)
nodes/fragment/52/node = SubResource("VisualShaderNodeFloatOp_bw2qi")
nodes/fragment/52/position = Vector2(1160, -40)
nodes/fragment/53/node = SubResource("VisualShaderNodeFloatOp_itikg")
nodes/fragment/53/position = Vector2(-2960, -840)
nodes/fragment/54/node = SubResource("VisualShaderNodeTexture_frec4")
nodes/fragment/54/position = Vector2(-600, -860)
nodes/fragment/55/node = SubResource("VisualShaderNodeExpression_caa3b")
nodes/fragment/55/position = Vector2(-1980, -1540)
nodes/fragment/55/size = Vector2(684.083, 474.694)
nodes/fragment/55/input_ports = "0,3,uv;1,0,rotation;2,3,mid;"
nodes/fragment/55/output_ports = "0,3,out;"
nodes/fragment/55/expression = "out.x =	cos(rotation) * (uv.x - mid.x) + sin(rotation) * (uv.y - mid.x) + mid.y;
out.y = cos(rotation) * (uv.y - mid.x) - sin(rotation) * (uv.x - mid.y) + mid.x;"
nodes/fragment/56/node = SubResource("VisualShaderNodeFloatOp_8da53")
nodes/fragment/56/position = Vector2(-2980, -1260)
nodes/fragment/57/node = SubResource("VisualShaderNodeUVFunc_lrkls")
nodes/fragment/57/position = Vector2(-1160, -980)
nodes/fragment/58/node = SubResource("VisualShaderNodeUVFunc_q6k0i")
nodes/fragment/58/position = Vector2(-920, -820)
nodes/fragment/59/node = SubResource("VisualShaderNodeVectorCompose_ib7oa")
nodes/fragment/59/position = Vector2(-1480, -400)
nodes/fragment/60/node = SubResource("VisualShaderNodeVectorFunc_p7s6m")
nodes/fragment/60/position = Vector2(-1220, -440)
nodes/fragment/61/node = SubResource("VisualShaderNodeFloatOp_wllwm")
nodes/fragment/61/position = Vector2(-52.3699, -522.995)
nodes/fragment/62/node = SubResource("VisualShaderNodeFloatFunc_eb4mc")
nodes/fragment/62/position = Vector2(320, -400)
nodes/fragment/63/node = SubResource("VisualShaderNodeFloatOp_qs2x6")
nodes/fragment/63/position = Vector2(100, -440)
nodes/fragment/64/node = SubResource("VisualShaderNodeFloatFunc_3bosc")
nodes/fragment/64/position = Vector2(500, -260)
nodes/fragment/65/node = SubResource("VisualShaderNodeFloatOp_uu6rb")
nodes/fragment/65/position = Vector2(-220, -600)
nodes/fragment/66/node = SubResource("VisualShaderNodeFloatOp_7x71o")
nodes/fragment/66/position = Vector2(820, -280)
nodes/fragment/67/node = SubResource("VisualShaderNodeFloatOp_lw3te")
nodes/fragment/67/position = Vector2(740, -420)
nodes/fragment/68/node = SubResource("VisualShaderNodeFloatOp_05ety")
nodes/fragment/68/position = Vector2(1360, 200)
nodes/fragment/69/node = SubResource("VisualShaderNodeFloatParameter_aqemw")
nodes/fragment/69/position = Vector2(-320, -940)
nodes/fragment/70/node = SubResource("VisualShaderNodeRemap_4jtmm")
nodes/fragment/70/position = Vector2(80, -760)
nodes/fragment/71/node = SubResource("VisualShaderNodeFloatConstant_m55l0")
nodes/fragment/71/position = Vector2(1720, 60)
nodes/fragment/72/node = SubResource("VisualShaderNodeFloatConstant_d2snw")
nodes/fragment/72/position = Vector2(1720, 160)
nodes/fragment/connections = PackedInt32Array(6, 0, 7, 1, 9, 0, 12, 0, 5, 0, 7, 0, 4, 0, 5, 1, 12, 0, 8, 0, 19, 0, 21, 0, 21, 0, 24, 0, 19, 0, 23, 0, 32, 0, 33, 0, 36, 0, 33, 1, 29, 0, 37, 0, 37, 0, 34, 0, 26, 0, 38, 0, 38, 0, 31, 0, 34, 0, 39, 0, 39, 0, 36, 0, 31, 0, 40, 0, 40, 0, 32, 0, 19, 0, 41, 0, 41, 0, 44, 0, 23, 0, 45, 0, 45, 0, 22, 0, 19, 0, 43, 0, 44, 0, 46, 0, 43, 0, 46, 1, 46, 0, 42, 0, 24, 0, 47, 0, 42, 0, 47, 1, 47, 0, 26, 0, 42, 0, 48, 0, 22, 0, 48, 1, 48, 0, 29, 0, 10, 0, 49, 0, 49, 0, 9, 0, 51, 0, 49, 2, 19, 0, 53, 0, 53, 0, 49, 1, 19, 0, 56, 0, 56, 0, 55, 1, 10, 0, 55, 0, 55, 0, 57, 0, 54, 0, 16, 0, 8, 0, 16, 1, 57, 0, 58, 0, 58, 0, 54, 0, 36, 0, 59, 1, 32, 0, 59, 0, 51, 0, 55, 2, 17, 0, 52, 1, 59, 0, 60, 0, 60, 0, 58, 2, 61, 0, 63, 0, 6, 0, 63, 1, 63, 0, 62, 0, 62, 0, 64, 0, 33, 0, 12, 2, 16, 0, 65, 0, 65, 0, 61, 0, 64, 0, 67, 0, 67, 0, 66, 0, 66, 0, 52, 0, 52, 0, 68, 0, 68, 0, 5, 0, 3, 0, 68, 1, 69, 0, 70, 0, 70, 0, 61, 1, 7, 0, 0, 5, 71, 0, 0, 4, 72, 0, 0, 2, 72, 0, 0, 3, 71, 0, 0, 0)

[sub_resource type="ShaderMaterial" id="ShaderMaterial_km3y4"]
render_priority = 0
shader = SubResource("VisualShader_2illo")

[sub_resource type="PlaneMesh" id="PlaneMesh_71keh"]
material = SubResource("ShaderMaterial_km3y4")
size = Vector2(1, 1)
orientation = 2

[sub_resource type="StandardMaterial3D" id="StandardMaterial3D_ovr6i"]
albedo_color = Color(0.482353, 0.482353, 0.482353, 1)
roughness = 0.12

[sub_resource type="PlaneMesh" id="PlaneMesh_4y1tu"]
material = SubResource("StandardMaterial3D_ovr6i")

[node name="MuzzleFlash" type="Node3D"]
transform = Transform3D(0.5, 0, 0, 0, 0.5, 0, 0, 0, 0.5, 0, 0, 0)
script = ExtResource("1_l1tg2")

[node name="AnimationPlayer" type="AnimationPlayer" parent="."]
autoplay = "RESET"
libraries = {
"": SubResource("AnimationLibrary_3sejl")
}

[node name="Flash" type="MeshInstance3D" parent="."]
visible = false
layers = 16
cast_shadow = 0
gi_mode = 0
instance_shader_parameters/Color = Color(1, 1, 1, 1)
instance_shader_parameters/Energy = Color(0, 0, 0, 1)
mesh = SubResource("PlaneMesh_71keh")

[node name="Light" type="OmniLight3D" parent="Flash"]
transform = Transform3D(2, -1.97215e-30, 1.77636e-15, 0, 2, 2.22044e-15, -1.77636e-15, -2.22044e-15, 2, 0.000269413, 0.0033372, -0.00147557)
visible = false
light_color = Color(1, 0.976471, 0.803922, 1)
light_energy = 2.0
light_volumetric_fog_energy = 0.0
light_size = 0.1
light_specular = 0.1
light_bake_mode = 0
light_cull_mask = 4293918727
shadow_enabled = true
shadow_blur = 2.0
omni_attenuation = 2.0

[node name="MeshInstance3d" type="MeshInstance3D" parent="."]
transform = Transform3D(2.11068, 0, 0, 0, -9.22607e-08, 2.11068, 0, -2.11068, -9.22607e-08, 0, 0, 0.917963)
visible = false
mesh = SubResource("PlaneMesh_4y1tu")
