[gd_scene load_steps=37 format=3 uid="uid://dfjidnimrks1h"]

[ext_resource type="Script" path="res://Assets/Effects/BulletHitEffect.gd" id="1_7b6nt"]
[ext_resource type="Texture2D" uid="uid://bxwfe00s0juj0" path="res://Assets/Textures/CircleAlphaSoft.png" id="2_kqxg4"]
[ext_resource type="Texture2D" uid="uid://cb584onhet4nd" path="res://Assets/Decals/BulletHits/BulletHitConcrete_albedo.png" id="3_ae3s3"]
[ext_resource type="Texture2D" uid="uid://bs08bclmrvacp" path="res://Assets/Decals/BulletHits/BulletHitConcrete_normal.png" id="4_uvnf0"]
[ext_resource type="Texture2D" uid="uid://ddncj1g0e27m8" path="res://Assets/Decals/BulletHits/BulletHitConcrete_orm.png" id="5_a6wyp"]
[ext_resource type="AudioStream" uid="uid://jimj50xmfbts" path="res://Assets/SFX/Weapons_BulletHitPlayer_01.wav" id="6_qu6dr"]
[ext_resource type="AudioStream" uid="uid://coi8eebbe50gt" path="res://Assets/SFX/Weapons_BulletHitPlayer_02.wav" id="7_sqnbe"]
[ext_resource type="AudioStream" uid="uid://db3sxtywh3g5c" path="res://Assets/SFX/Weapons_BulletHitPlayer_03.wav" id="8_h4ubq"]
[ext_resource type="AudioStream" uid="uid://cerl2mptqx6i8" path="res://Assets/SFX/Weapons_BulletHitPlayer_04.wav" id="9_p73m8"]
[ext_resource type="AudioStream" uid="uid://cfvg7h6biunh7" path="res://Assets/SFX/Weapons_BulletHitPlayer_05.wav" id="10_aujpl"]
[ext_resource type="AudioStream" uid="uid://b51db4dhfihvh" path="res://Assets/SFX/Weapons_BulletHitPlayer_06.wav" id="11_bdm0w"]
[ext_resource type="AudioStream" uid="uid://b2y5x37mk26nl" path="res://Assets/SFX/Weapons_BulletHitPlayer_07.wav" id="12_hivim"]
[ext_resource type="AudioStream" uid="uid://b0bgesopiwluk" path="res://Assets/SFX/Weapons_BulletHitWall_01.wav" id="13_dgryh"]
[ext_resource type="AudioStream" uid="uid://c847pi2pieg25" path="res://Assets/SFX/Weapons_BulletHitWall_02.wav" id="14_2ytss"]
[ext_resource type="AudioStream" uid="uid://dtasyf40nda3" path="res://Assets/SFX/Weapons_BulletHitWall_11.wav" id="15_hv43d"]
[ext_resource type="AudioStream" uid="uid://ciq7pskr6kscx" path="res://Assets/SFX/Weapons_BulletHitWall_03.wav" id="15_lt4th"]
[ext_resource type="AudioStream" uid="uid://ne5o5ltqlhah" path="res://Assets/SFX/Weapons_BulletHitWall_04.wav" id="16_c54qg"]
[ext_resource type="AudioStream" uid="uid://m3g681gtkmgt" path="res://Assets/SFX/Weapons_BulletHitWall_12.wav" id="16_xtncr"]
[ext_resource type="AudioStream" uid="uid://e6h2bvb51xun" path="res://Assets/SFX/Weapons_BulletHitWall_05.wav" id="17_heom7"]
[ext_resource type="AudioStream" uid="uid://bx4q08h4qr3pu" path="res://Assets/SFX/Weapons_BulletHitWall_13.wav" id="17_w1tp6"]
[ext_resource type="AudioStream" uid="uid://bagvlt3u5lo1i" path="res://Assets/SFX/Weapons_BulletHitWall_14.wav" id="18_f8m0b"]
[ext_resource type="AudioStream" uid="uid://br4lxbc2wmeo1" path="res://Assets/SFX/Weapons_BulletHitWall_06.wav" id="18_oviuv"]
[ext_resource type="AudioStream" uid="uid://betcdxwbgwkx" path="res://Assets/SFX/Weapons_BulletHitWall_15.wav" id="19_h67ut"]
[ext_resource type="AudioStream" uid="uid://edgt4laor2xy" path="res://Assets/SFX/Weapons_BulletHitWall_07.wav" id="19_oj1hb"]
[ext_resource type="AudioStream" uid="uid://dt721eaud511m" path="res://Assets/SFX/Weapons_BulletHitWall_16.wav" id="20_ahfue"]
[ext_resource type="PackedScene" uid="uid://d1yx12uryxl26" path="res://Assets/Effects/ImpactSparks.tscn" id="20_tsl0p"]
[ext_resource type="AudioStream" uid="uid://bdnxt31w0l2nc" path="res://Assets/SFX/Weapons_BulletHitWall_17.wav" id="21_45qqv"]
[ext_resource type="AudioStream" uid="uid://ty41famjwt6i" path="res://Assets/SFX/Weapons_BulletHitWall_08.wav" id="27_fxaay"]
[ext_resource type="AudioStream" uid="uid://dcbtbia4e2677" path="res://Assets/SFX/Weapons_BulletHitWall_09.wav" id="28_4hs6q"]
[ext_resource type="AudioStream" uid="uid://cqtqcwlf7gg4o" path="res://Assets/SFX/Weapons_BulletHitWall_10.wav" id="29_wx2qr"]

[sub_resource type="StandardMaterial3D" id="StandardMaterial3D_xfq52"]
transparency = 2
alpha_scissor_threshold = 0.252
alpha_antialiasing_mode = 0
shading_mode = 0
vertex_color_use_as_albedo = true
albedo_texture = ExtResource("2_kqxg4")
disable_receive_shadows = true
billboard_mode = 3
billboard_keep_scale = true
particles_anim_h_frames = 1
particles_anim_v_frames = 1
particles_anim_loop = false

[sub_resource type="QuadMesh" id="QuadMesh_b76n1"]
material = SubResource("StandardMaterial3D_xfq52")
size = Vector2(0.3, 0.3)

[sub_resource type="StandardMaterial3D" id="StandardMaterial3D_3ltxk"]
albedo_color = Color(1, 0, 0.0235294, 1)

[sub_resource type="CylinderMesh" id="CylinderMesh_y0tgk"]
material = SubResource("StandardMaterial3D_3ltxk")
top_radius = 0.0
bottom_radius = 0.025
height = 0.1

[sub_resource type="AudioStreamRandomizer" id="AudioStreamRandomizer_mmlwe"]
streams_count = 7
stream_0/stream = ExtResource("6_qu6dr")
stream_0/weight = 1.0
stream_1/stream = ExtResource("7_sqnbe")
stream_1/weight = 1.0
stream_2/stream = ExtResource("8_h4ubq")
stream_2/weight = 1.0
stream_3/stream = ExtResource("9_p73m8")
stream_3/weight = 1.0
stream_4/stream = ExtResource("10_aujpl")
stream_4/weight = 1.0
stream_5/stream = ExtResource("11_bdm0w")
stream_5/weight = 1.0
stream_6/stream = ExtResource("12_hivim")
stream_6/weight = 1.0

[sub_resource type="AudioStreamRandomizer" id="AudioStreamRandomizer_w5y4y"]
playback_mode = 1
random_pitch = 1.2
random_volume_offset_db = 2.0
streams_count = 17
stream_0/stream = ExtResource("13_dgryh")
stream_0/weight = 1.0
stream_1/stream = ExtResource("14_2ytss")
stream_1/weight = 1.0
stream_2/stream = ExtResource("15_lt4th")
stream_2/weight = 1.0
stream_3/stream = ExtResource("16_c54qg")
stream_3/weight = 0.05
stream_4/stream = ExtResource("17_heom7")
stream_4/weight = 1.0
stream_5/stream = ExtResource("18_oviuv")
stream_5/weight = 1.0
stream_6/stream = ExtResource("19_oj1hb")
stream_6/weight = 0.254
stream_7/stream = ExtResource("27_fxaay")
stream_7/weight = 1.0
stream_8/stream = ExtResource("28_4hs6q")
stream_8/weight = 1.0
stream_9/stream = ExtResource("29_wx2qr")
stream_9/weight = 1.0
stream_10/stream = ExtResource("15_hv43d")
stream_10/weight = 1.0
stream_11/stream = ExtResource("16_xtncr")
stream_11/weight = 1.0
stream_12/stream = ExtResource("17_w1tp6")
stream_12/weight = 1.0
stream_13/stream = ExtResource("18_f8m0b")
stream_13/weight = 1.0
stream_14/stream = ExtResource("19_h67ut")
stream_14/weight = 1.0
stream_15/stream = ExtResource("20_ahfue")
stream_15/weight = 1.0
stream_16/stream = ExtResource("21_45qqv")
stream_16/weight = 1.0

[node name="CharacterHitEffect" type="Node3D"]
script = ExtResource("1_7b6nt")

[node name="Team1" type="CPUParticles3D" parent="."]
cast_shadow = 0
emitting = false
amount = 64
lifetime = 0.75
one_shot = true
explosiveness = 1.0
randomness = 1.0
lifetime_randomness = 0.47
mesh = SubResource("QuadMesh_b76n1")
emission_shape = 1
emission_sphere_radius = 0.2
direction = Vector3(0, 1, 0)
spread = 180.0
initial_velocity_min = 3.0
initial_velocity_max = 4.0
scale_amount_min = 0.25
scale_amount_max = 0.5
color = Color(0.796078, 0.988235, 0.0627451, 1)

[node name="Team2" type="CPUParticles3D" parent="."]
cast_shadow = 0
emitting = false
amount = 64
lifetime = 0.75
one_shot = true
explosiveness = 1.0
randomness = 1.0
lifetime_randomness = 0.47
mesh = SubResource("QuadMesh_b76n1")
emission_shape = 1
emission_sphere_radius = 0.2
direction = Vector3(0, 1, 0)
spread = 180.0
initial_velocity_min = 3.0
initial_velocity_max = 4.0
scale_amount_min = 0.25
scale_amount_max = 0.5
color = Color(0.631373, 0, 1, 1)

[node name="Team0" type="CPUParticles3D" parent="."]
cast_shadow = 0
emitting = false
amount = 32
lifetime = 0.75
one_shot = true
explosiveness = 1.0
randomness = 1.0
lifetime_randomness = 0.47
mesh = SubResource("QuadMesh_b76n1")
emission_shape = 1
emission_sphere_radius = 0.2
direction = Vector3(0, 1, 0)
spread = 180.0
initial_velocity_min = 3.0
initial_velocity_max = 4.0
scale_amount_min = 0.25
scale_amount_max = 0.5

[node name="GPUParticles3D" type="GPUParticles3D" parent="."]
visible = false
emitting = false

[node name="MeshInstance3D" type="MeshInstance3D" parent="."]
transform = Transform3D(2.46595, -4.31161e-07, -1.88466e-14, 0, -1.0779e-07, 2.46595, -4.31161e-07, -2.46595, -1.0779e-07, -0.00106621, 0.00324082, -0.0263205)
visible = false
layers = 2
mesh = SubResource("CylinderMesh_y0tgk")
skeleton = NodePath("../Decal")

[node name="Decal" type="Decal" parent="."]
transform = Transform3D(1, 0, 0, 0, -4.37114e-08, 1, 0, -1, -4.37114e-08, 0, 0, 0)
layers = 2
size = Vector3(0.2, 0.2, 0.2)
texture_albedo = ExtResource("3_ae3s3")
texture_normal = ExtResource("4_uvnf0")
texture_orm = ExtResource("5_a6wyp")
distance_fade_enabled = true
cull_mask = 1048561

[node name="HitCharacter" type="AudioStreamPlayer3D" parent="."]
stream = SubResource("AudioStreamRandomizer_mmlwe")
unit_size = 3.0
pitch_scale = 2.0
bus = &"SFX"
attenuation_filter_cutoff_hz = 12000.0
attenuation_filter_db = -12.0

[node name="HitWall" type="AudioStreamPlayer3D" parent="."]
stream = SubResource("AudioStreamRandomizer_w5y4y")
unit_size = 3.0

[node name="WallEffect" parent="." instance=ExtResource("20_tsl0p")]

[node name="Area3D" parent="WallEffect" index="0"]
monitoring = false
monitorable = false

[node name="Smoke" parent="WallEffect/GpuParticles" index="4"]
visibility_range_begin = 5.0
visibility_range_begin_margin = 2.0
visibility_range_fade_mode = 1

[editable path="WallEffect"]
[editable path="WallEffect/SoundPlayer"]
