[gd_scene load_steps=8 format=3 uid="uid://dtowuo083dso5"]

[ext_resource type="Script" path="res://ManualTests/CompassPrototype.tres.gd" id="1_ts5nn"]

[sub_resource type="PrismMesh" id="PrismMesh_8dd7d"]

[sub_resource type="SphereMesh" id="SphereMesh_i5l7e"]

[sub_resource type="Gradient" id="Gradient_ncmk6"]
interpolation_mode = 1
offsets = PackedFloat32Array(0, 0.017452, 1)
colors = PackedColorArray(0.376087, 0.410156, 0.198257, 1, 0.88609, 0.982548, 0.44604, 1, 1, 1, 1, 1)

[sub_resource type="GradientTexture2D" id="GradientTexture2D_up4it"]
gradient = SubResource("Gradient_ncmk6")
fill_from = Vector2(0.5, 0.5)

[sub_resource type="StandardMaterial3D" id="StandardMaterial3D_gc05o"]
albedo_texture = SubResource("GradientTexture2D_up4it")
uv1_scale = Vector3(8, 8, 8)

[sub_resource type="PlaneMesh" id="PlaneMesh_76khp"]
material = SubResource("StandardMaterial3D_gc05o")

[node name="Node3D" type="Node3D"]
script = ExtResource("1_ts5nn")

[node name="Control" type="Control" parent="."]
layout_mode = 3
anchors_preset = 8
anchor_left = 0.5
anchor_top = 0.5
anchor_right = 0.5
anchor_bottom = 0.5
offset_left = -20.0
offset_top = -20.0
offset_right = 20.0
offset_bottom = 20.0
grow_horizontal = 2
grow_vertical = 2

[node name="ColorRect" type="ColorRect" parent="Control"]
layout_mode = 1
anchors_preset = 6
anchor_left = 1.0
anchor_top = 0.5
anchor_right = 1.0
anchor_bottom = 0.5
offset_left = 50.0
offset_top = 15.0
offset_right = 90.0
offset_bottom = 145.0
grow_horizontal = 0
grow_vertical = 2
rotation = -1.57079
color = Color(1, 0, 0.0196078, 0.501961)

[node name="Character" type="Node3D" parent="."]

[node name="MeshInstance3D" type="MeshInstance3D" parent="Character"]
transform = Transform3D(1, 0, 0, 0, -4.37114e-08, 1, 0, -1, -4.37114e-08, 0, 0, 0)
mesh = SubResource("PrismMesh_8dd7d")
skeleton = NodePath("../..")

[node name="Camera3D" type="Camera3D" parent="Character"]
transform = Transform3D(1, 0, 0, 0, 1, 0, 0, 0, 1, 0, 0.308132, -4.50583e-07)
fov = 90.0

[node name="DamageSource" type="MeshInstance3D" parent="."]
transform = Transform3D(1, 0, 0, 0, 1, 0, 0, 0, 1, -3.69166, 0, 0)
mesh = SubResource("SphereMesh_i5l7e")

[node name="DirectionalLight3D" type="DirectionalLight3D" parent="."]
transform = Transform3D(0.832496, -0.504858, -0.228186, 0.274163, 0.017498, 0.961524, -0.48144, -0.863025, 0.152981, -2.87121, 0.0995137, -4.90816)

[node name="MeshInstance3D" type="MeshInstance3D" parent="."]
transform = Transform3D(8.7564, 0, 0, 0, 8.7564, 0, 0, 0, 8.7564, -0.00397288, -0.743355, -8.65848e-05)
mesh = SubResource("PlaneMesh_76khp")
